@article{stenhaug2021treading,
  title={Treading Carefully: Agnostic Identification as the First Step of Detecting Differential Item Functioning},
  author={Stenhaug, Ben and Frank, Michael C and Domingue, Ben},
  year={2021},
  publisher={PsyArXiv}
}

@book{Frank2021,
  title={Variability and consistency in early language learning: The Wordbank project},
  author={Frank, Michael C and Braginsky, Mika and Yurovsky, Daniel and Marchman, Virginia A},
  year={2021},
  publisher={MIT Press}
}

@article{Frank2017,
  title={Wordbank: An open repository for developmental vocabulary data},
  author={Frank, Michael C and Braginsky, Mika and Yurovsky, Daniel and Marchman, Virginia A},
  journal={Journal of child language},
  volume={44},
  number={3},
  pages={677--694},
  year={2017},
  publisher={Cambridge University Press}
}